<?xml version="1.0" encoding="UTF-8"?><record xmlns="http://www.loc.gov/MARC21/slim" xmlns:cinclude="http://apache.org/cocoon/include/1.0" xmlns:zs="http://www.loc.gov/zing/srw/">
  <leader>01194cz  a2200193n  4500</leader>
  <controlfield tag="001">n  90724892 </controlfield>
  <controlfield tag="003">DLC</controlfield>
  <controlfield tag="005">20140308074253.0</controlfield>
  <controlfield tag="008">901217n| azannaabn          |a ana     c</controlfield>
  <datafield tag="010" ind1=" " ind2=" ">
    <subfield code="a">n  90724892 </subfield>
  </datafield>
  <datafield tag="035" ind1=" " ind2=" ">
    <subfield code="a">(OCoLC)oca02867569</subfield>
  </datafield>
  <datafield tag="040" ind1=" " ind2=" ">
    <subfield code="a">MH</subfield>
    <subfield code="b">eng</subfield>
    <subfield code="e">rda</subfield>
    <subfield code="c">MH</subfield>
    <subfield code="d">WaU</subfield>
    <subfield code="d">CU-I</subfield>
  </datafield>
  <datafield tag="046" ind1=" " ind2=" ">
    <subfield code="s">1980</subfield>
    <subfield code="t">2004</subfield>
  </datafield>
  <datafield tag="110" ind1="2" ind2=" ">
    <subfield code="a">Mặt trận quốc gia thống nhất giải phóng Việt Nam.</subfield>
    <subfield code="b">Tổng vụ hải ngoại</subfield>
  </datafield>
  <datafield tag="377" ind1=" " ind2=" ">
    <subfield code="a">vie</subfield>
  </datafield>
  <datafield tag="410" ind1="2" ind2=" ">
    <subfield code="a">Mặt trận quốc gia thống nhất giải phóng Việt Nam.</subfield>
    <subfield code="b">General Directorate of Overseas Affairs</subfield>
  </datafield>
  <datafield tag="670" ind1=" " ind2=" ">
    <subfield code="a">Vietnam insight, July 1990:</subfield>
    <subfield code="b">p. 4 of cover (NUFRONLIV General Directorate of Overseas Affairs)</subfield>
  </datafield>
  <datafield tag="670" ind1=" " ind2=" ">
    <subfield code="a">Kháng chiến, tháng 10-1989:</subfield>
    <subfield code="b">p. [3] (Mặt trận quốc gia thống nhất giải phóng Việt Nam, Tổng vụ hải ngoại)</subfield>
  </datafield>
  <datafield tag="670" ind1=" " ind2=" ">
    <subfield code="a">Wikipedia, viewed July 2, 2013:</subfield>
    <subfield code="b">(Mặt trận quốc gia thống nhất giải phóng Việt Nam - hay Mặt trận Hoàng Cơ Minh - là một tổ chức chính trị kết hợp vũ trang chủ trương khôi phục chính thể Việt Nam Cộng Hòa hoạt động từ 1980 đến 2004)</subfield>
  </datafield>
</record>